<record><leader>00000cas a22000007a 4500</leader><controlfield tag="001">9337027</controlfield><controlfield tag="008">830323d18411842mauwr ne      0    0eng d</controlfield><datafield ind1=" " ind2=" " tag="010"><subfield code="a">sn 83020389 </subfield></datafield><datafield ind1=" " ind2=" " tag="040"><subfield code="a">NPX</subfield><subfield code="b">eng</subfield><subfield code="c">NPX</subfield><subfield code="d">MGN</subfield><subfield code="d">OCLCQ</subfield></datafield><datafield ind1=" " ind2=" " tag="042"><subfield code="a">msc</subfield></datafield><datafield ind1=" " ind2=" " tag="043"><subfield code="a">n-us-ma</subfield></datafield><datafield ind1="0" ind2="4" tag="245"><subfield code="a">The Archetype.</subfield></datafield><datafield ind1=" " ind2=" " tag="260"><subfield code="a">Fall River, Mass. :</subfield><subfield code="b">Lapham &amp; Almy</subfield></datafield><datafield ind1=" " ind2=" " tag="300"><subfield code="a">v. ;</subfield><subfield code="c">56 cm.</subfield></datafield><datafield ind1=" " ind2=" " tag="310"><subfield code="a">Weekly</subfield></datafield><datafield ind1="1" ind2=" " tag="362"><subfield code="a">Began Jan. 7, 1841; ceased in 1842. Cf. Fall River monitor, Jan. 1, 1876.</subfield></datafield><datafield ind1=" " ind2=" " tag="500"><subfield code="a">Published on Thursday.</subfield></datafield><datafield ind1=" " ind2=" " tag="500"><subfield code="a">Printer: Thomas Almy.</subfield></datafield><datafield ind1=" " ind2=" " tag="500"><subfield code="a">Published simultaneously at Tiverton, Rhode Island.</subfield></datafield><datafield ind1=" " ind2=" " tag="500"><subfield code="a">Editor: Louis Lapham.</subfield></datafield><datafield ind1=" " ind2=" " tag="580"><subfield code="a">Continued by: Gazette (Fall River, Mass.) (non-extant?).</subfield></datafield><datafield ind1=" " ind2=" " tag="588"><subfield code="a">Description based on: Vol. 1, no. 4 (Jan. 28, 1841).</subfield></datafield><datafield ind1="1" ind2=" " tag="700"><subfield code="a">Lapham, Louis.</subfield></datafield><datafield ind1=" " ind2=" " tag="752"><subfield code="a">United States</subfield><subfield code="b">Massachusetts</subfield><subfield code="c">Bristol</subfield><subfield code="d">Fall River.</subfield></datafield><datafield ind1=" " ind2=" " tag="752"><subfield code="a">United States</subfield><subfield code="b">Rhode Island</subfield><subfield code="c">Newport</subfield><subfield code="d">Tiverton.</subfield></datafield><datafield ind1="0" ind2="0" tag="780"><subfield code="t">Fall River patriot and Tiverton freeman</subfield><subfield code="w">(DLC)sn 83020388</subfield></datafield><datafield ind1="1" ind2="0" tag="785"><subfield code="t">Gazette (Fall River, Mass.)</subfield></datafield><datafield ind1=" " ind2=" " tag="936"><subfield code="a">1841 June 10</subfield></datafield><datafield ind1="1" ind2=" " tag="029"><subfield code="a">AU@</subfield><subfield code="b">000025791746</subfield></datafield></record>